@article{jervis2018machine,
  title={Machine learning of designed translational control allows predictive pathway optimization in Escherichia coli},
  author={Jervis, Adrian J and Carbonell, Pablo and Vinaixa, Maria and Dunstan, Mark S and Hollywood, Katherine A and Robinson, Christopher J and Rattray, Nicholas JW and Yan, Cunyu and Swainston, Neil and Currin, Andrew and others},
  journal={ACS synthetic biology},
  volume={8},
  number={1},
  pages={127--136},
  year={2018},
  publisher={ACS Publications}
}

@article{srinivas2012information,
  title={Information-theoretic regret bounds for gaussian process optimization in the bandit setting},
  author={Srinivas, Niranjan and Krause, Andreas and Kakade, Sham M and Seeger, Matthias W},
  journal={IEEE Transactions on Information Theory},
  volume={58},
  number={5},
  pages={3250--3265},
  year={2012},
  publisher={IEEE}
}